@inbook{newman2013computational,
  title={Computational Physics},
  author={Newman, Mark},
  year={2013},
  isbn={978-148014551-1},
  publisher={CreateSpace Independent Publishing Platform},
  chapter={10.3}
}

@book{newman1999,
    author    = {M. E. J. Newman and G. T. Barkema},
    title     = {Monte Carlo Methods in Statistical Physics},
    publisher = {Oxford University Press},
    year      = {1999}
}
