@inbook{newman2013computational,
  title={Computational Physics},
  author={Newman, Mark},
  year={2013},
  isbn={978-148014551-1},
  publisher={CreateSpace Independent Publishing Platform},
  chapter={10.3}
}

@book{newman1999,
    author    = {M. E. J. Newman and G. T. Barkema},
    title     = {Monte Carlo Methods in Statistical Physics},
    publisher = {Oxford University Press},
    year      = {1999}
}

@article{ising1925contribution,
  title = {Contribution to the Theory of Ferromagnetism},
  author = {Ising, Ernst},
  journal = {Zeitschrift f√ºr Physik},
  volume = {31},
  year = {1925},
  doi = {10.1007/BF02980577},
}

@article{kramers1941statistics,
  title = {Statistics of the Two-Dimensional Ferromagnet.},
  author = {Kramers, H. A. and Wannier, G. H.},
  journal = {Phys. Rev.},
  volume = {60},
  issue = {3},
  pages = {252--262},
  numpages = {0},
  year = {1941},
  month = {Aug},
  publisher = {American Physical Society},
  doi = {10.1103/PhysRev.60.252},
  url = {https://link.aps.org/doi/10.1103/PhysRev.60.252}
}

@article{onsager1944crystal,
  title = {Crystal Statistics. I. A Two-Dimensional Model with an Order-Disorder Transition},
  author = {Onsager, Lars},
  journal = {Phys. Rev.},
  volume = {65},
  issue = {3-4},
  pages = {117--149},
  numpages = {0},
  year = {1944},
  month = {Feb},
  publisher = {American Physical Society},
  doi = {10.1103/PhysRev.65.117},
  url = {https://link.aps.org/doi/10.1103/PhysRev.65.117}
}